@booklet{alf,
	author		 = "{Eickmann, D. }und {Hotze, D.}",
	title		 = "Entwicklung und Verfikation eines autonomen Logistik-Fahrzeugs",
	address		 = "Hochschule Bochum - Bochum University of Applied Sciences",
	year 		 = "2018",
	month		 = "02"
}

@book{Bachelorarbeit,
	author		 = "{Montorio, G.} und {Dittmann, H.}",
	title	     = "Implementierung einer Schlupfregelung per Model-Based Design sowie einer SLAM-Kartografierung für ein autonomes Logistik-Fahrzeug",
	month =2,
address		 = "Hochschule Bochum - Bochum University of Applied Sciences",
	year 		 = "2019"
}
@book{Dittmann,
	author		 = "{Dittman,} H.",
	title	     = "Entwicklung und Verfikation einer Sprachverarbeitung für das autonome Logistik-Fahrzeug ALF",
address		 = "Hochschule Bochum - Bochum University of Applied Sciences",
month=10,
	year 		 = "2020"
}
@book{Kriesel,
	author		 = "{Kriesel,} D.",
	title	     = "Ein kleiner Überblick über Neuronale Netze",
	year 		 = "2005"
}
@book{Ertel,
	author		 = "{Bibel,}  W.{,  Ertel,} W. und Kruse R.",
	title	     = "Grundkurs Künstliche Intelligenz - Eine praxisorientierte Einführung",
	publisher    = "Springer Vieweg",
	year 		 = "2013",
	note  		 = "3. Auflage"
}
@book{embedded,
	author		 = "{Zhang,} Y.{, Bi,} S.{, Dong,} M. and {Liu,} Y. ",
	title	     = "The Implementation of CNN-based Object Detector of ARM Embedded Platforms. 2018 IEEE 16th Int. Conf. on Dependable, Autonomic \& Secure Comp., 16th Int. Conf. on Pervasive Intelligence \& Comp., 4th Int. Conf. on Big Data Intelligence \& Comp., and 3rd Cyber Sci. and Tech. Cong.",
	publisher	="",
	year 		 = "2018",
	note        =""
}
@book{mobilenets,
	author		 = "{Howard, A. G., }{Zhu, M., }{Chen, B., }{Kalenichenko, D., }{Wang, W., }{Weyand, T., }{Andreetto, M. }und {Adam, H.} ",
	title	     = "MobileNets: Efficient Convolutional Neural Networks for Mobile Vision Applications",
	publisher	= "",
	month		= 4,
	year 		 = "2017",
	note        =""
}
@book{ssd,
	author		 = "{Liu,} W. {, Anguelov,} D.{, Erhan,} D.{, Szegedy,} C.{, Reed,} S.{, Fu,} C.-Y. und {Berg,} A. C. ",
	title	     = "SSD: Single Shot MultiBox Detector. European conference on computer vision",
	publisher	= "",
	year 		 = "2016",
	note        ="pp. 21-37"
}
@book{deeplearning,
	title="{Deep Learning}",
	note="\url{http://www.deeplearningbook.org} - zugegriffen am 21.09.2020",
	author="{Goodfellow,} I. {, Bengio,} Y. und {Courville,} A.",
	publisher="{The MIT Press}",
	year={2016}
}
@book{bildundobjekt,
	    title={Bildverarbeitung und Objekterkennung - Computer Vision in Industrie und Medizin},
	    author="{Süße,} H.  und {Rodner,} A.",
	    publisher={Springer Vieweg},
	    year={2014}
}
@book{precisionandrecall,
	author="{Carterette,} B.",
	title="Encyclopedia of Database Systems - Precision and Recall",
	year="2009",
	publisher="Springer US",
	pages="2126-2127"
}
@book{hogsvm,
	author		 = "{Dalal,} N. and {Triggs,} B. ",
	title	     = "Histograms of Oriented Gradients for Human Detection - 2005 IEEE Computer Society Conference on Computer Vision and Pattern Recognition (CVPR'05)",
	publisher	= "",
	year 		 = "2005",
	note        =""
}
@book{cnns,
author = "{Kawatsu,} C. {, Koss,} F. {, Gillies,} A. {, Zhao,} A. {, Crossman,} J. {, Purman,} B. {, Stone,} D. und {Dahn,} D.",
year = {2017},
month = {08},
pages = {},
title = {Gesture Recognition for Robotic Control Using Deep Learning}
}
@book{cnnvergleich,
  author    = "{Canziani, A., }{Adam, P.} und {Culurciello, E.}",
  title     = {An Analysis of Deep Neural Network Models for Practical Applications},
  year      = {2016}
}
@book{vgg,
  author = "{Simonyan, K. }und {Zisserman, A.}",
  title = {Very Deep Convolutional Networks for Large-Scale Image Recognition},
  year = 2014
}
@book{alexnet,
title = {ImageNet Classification with Deep Convolutional Neural Networks - Advances in Neural Information Processing Systems 25},
author = "{Krizhevsky, A., }{Sutskever, I. }und {Hinton, G.}",
pages = {1097--1105},
year = {2012},
publisher = {Curran Associates, Inc.}
}
@book{resnet,
  author    = "{He, K., }{Zhang, X., }{Ren, S. }und {Sun, J.}",
  title     = {Deep Residual Learning for Image Recognition},
  year      = {2015}
}
@book{inception,
  author="{Szegedy, C., }{Liu, W., }{Jia, Y., }{Sermanet, P., }{Reed, S., }{Anguelov, D., }{Erhan, D., }{Vanhoucke, V.} und {Rabinovich, A.}",
  title={Going deeper with convolutions - 2015 IEEE Conference on Computer Vision and Pattern Recognition (CVPR)}, 
  year={2015},
  pages={1-9}
}
@book{rcnn,
  author = "{Girshick, R.,} {Donahue, J.,} {Darrell, T.} and {Malik, J.}",
  month = 6,
  pages = {580-587},
  title = {Rich Feature Hierarchies for Accurate Object Detection and Semantic Segmentation - 2014 IEEE Conference on Computer Vision and Pattern Recognition (CVPR)},
  year = 2014
}

@book{fastrcnn,
author = "{Girshick, R.}",
title = {Fast R-CNN - Proceedings of the IEEE International Conference on Computer Vision (ICCV)},
month = 12,
year = {2015}
}
@book{fasterrcnn,
title = {Faster R-CNN: Towards Real-Time Object Detection with Region Proposal Networks - Advances in Neural Information Processing Systems 28},
author = "{Ren, S.,} {He, K.,} {Girshick, R.} und {Sun, J.}",
pages = {91--99},
year = {2015},
publisher = {Curran Associates, Inc.}
}
@book{multibox,
title	= "{Scalable,} {high-quality object detection}",
author	= "{Szegedy, C.,} {Reed, S.,} {Erhan, D.}  und {Anguelov, D.}",
year	= {2015}
}
@book{keras,
title	= {Keras Applications},
note = "\url{https://keras.io/api/applications/} - zugegriffen am 17.09.2020",
author	= ""
}
@book{leightweight,
author = "{Li, Y.,} {Li, J.,} {Lin, W.,} und {Jianguo, L.}",
year = {2018},
month = 7,
pages = {},
title = {Tiny-DSOD: Lightweight Object Detection for Resource-Restricted Usages}
}
@book{hsm,
author = "{Yannakakis, M.}",
year = {2000},
month =1,
pages = {315-330},
title = {Hierarchical State Machines}
}
@book{sopra,
author = {Sopra Steria GmbH},
year = {2017},
month =2,
title = {Potenzialanalyse Künstliche Intelligenz}
}
@book{sae,
author = {SAE International},
year = {2014},
title = {Automated Driving - Levels of driving are defined in new SAE International standard J3016}
}
@book{saeorg,
author = {SAE International},
year = {2020},
title = {About SAE International},
note="\url{https://www.sae.org/about} - zugegriffen am 22.09.2020"
}
@book{bvdw,
author = "{Gründinger, W., }{Hofmann, D., }{Klett, D., }{Knoll, M.,}{ und Schaeffler, T.}",
year = {2019},
month=4,
title = {Sprachassistenzen im Smart Home}
}
@book{frameworks,
  author="{Parvat, A.,}{ Chavan, J., }{Kadam, S., }{Dev, S.,} und {Pathak, V.}",
  title={A survey of deep-learning frameworks - 2017 International Conference on Inventive Systems and Control (ICISC)}, 
  year={2017},
  pages={1-7}
}
@book{opencv,
  author="skvark",
   title={OpenCV on Wheels},
  note="\url{https://pypi.org/project/opencv-python/} - zugegriffen am 24.09.2020"
}
@book{pillow,
  author="{aclark, hugovk, radarhere und wiredfool}",
  title={Python Imaging Library (Fork)},
  note="\url{https://pypi.org/project/Pillow/} - zugegriffen am 24.09.2020"
}
@book{coco,
  author="{Lin, T.-Y.}",
  title={COCO - Common Objects in Context},
  note="\url{https://cocodataset.org/} - zugegriffen am 24.09.2020"
}
@book{cocopaper,
author="{Lin, T.-Y., }{Maire, M., }{Belongie, S., }{Hays, J., }{Perona, P., }{Ramanan, D., }{Doll{\'a}r, P., }{und Zitnick, C. L.}",
title="Microsoft COCO: Common Objects in Context - Computer Vision -- ECCV 2014",
year="2014",
publisher="Springer International Publishing",
pages="740--755"
}
@book{cpugpu,
  author    =" {Wang, Y., }{Wei, G.-Y., und Brooks, D.}",
  title     = {Benchmarking TPU, GPU, and {CPU} Platforms for Deep Learning},
  year      = {2019}
}
@book{tflite,
author = "{Farhoodfar, A.}",
year = {2019},
month = {04},
pages = {},
title = {Machine Learning for Mobile Developers: Tensorflow Lite Framework}
}
@book{maxssdmobilenet,
  author    = "{Huang, J., }{Rathod, V., }{Sun, C., }{Zhu, M., }{Korattikara, A., }{Fathi, A., }{Fischer, I., }{Wojna, Z., }{Song, Y., }{Guadarrama, S.} und
               {Murphy, K.}",
  title     = {Speed/accuracy trade-offs for modern convolutional object detectors},
  year      = {2016}
}
@book{warumtf,
  author    = "{Xu, M., }{Liu, J., }{Liu. Y., }{Lin, F., }{Liu, Y., }und{ Liu, X.}",
  title     = {When Mobile Apps Going Deep: An Empirical Study of Mobile Deep Learning},
  year      = {2018}
}
@book{carpng,
  author    = "{SVG Repo}",
  title     = {Car Compact SVG Vector},
  note = "\url{https://www.svgrepo.com/svg/178/car-compact} - zugegriffen am 24.09.2020"
}
@book{todasc,
  author    = "{Saha, S.}",
  title     = {A Comprehensive Guide to Convolutional Neural Networks — the ELI5 way},
  note = "\url{https://towardsdatascience.com/a-comprehensive-guide-to-convolutional-neural-networks-the-eli5-way-3bd2b1164a53} - zugegriffen am 24.09.2020"
}
@book{neuron,
  author    = "{Medina, G.}",
  title     = {Diagram of an artificial neural network},
  note = "\url{https://tex.stackexchange.com/questions/132444/diagram-of-an-artificial-neural-network} - zugegriffen am 24.09.2020"
}
@book{inria1,
  author    = "{simongeek}",
  title     = {Pedestrian classification from photos using the Linear SVM and HOG features},
  note = "\url{https://github.com/Ermlab/hog-svm-inria} - zugegriffen am 24.09.2020"
}
@book{cnnhor,
  author    = "{estamos}",
  title     = {Write Convolutional Neural network using TikZ},
  note = "\url{https://tex.stackexchange.com/questions/519268/write-convolutional-neural-networks-using-tikz} - zugegriffen am 24.09.2020"
}
@book{depthwiseconv,
  author    = "{Tsang, S.-H.}",
  title     = {Review: MobileNetV1 — Depthwise Separable Convolution (Light Weight Model)},
  note = "\url{https://towardsdatascience.com/review-mobilenetv1-depthwise-separable-convolution-light-weight-model-a382df364b69} - zugegriffen am 24.09.2020"
}
@book{texex,
  author    = "{Zarko}",
  title     = {How to depict Hierarchical State Machines in Latex},
  note = "\url{https://tex.stackexchange.com/questions/288589/how-to-depict-hierarchical-state-machines-in-latex} - zugegriffen am 24.09.2020"
}
@book{texwelt,
  author    = "{esdd}",
  title     = {Wie erstelle ich einen Programmablaufplan?},
  note = "\url{https://texwelt.de/fragen/18787/wie-erstelle-ich-einen-programmablaufplan} - zugegriffen am 24.09.2020"
}
@book{hogcode,
  author    = "{Rosebrock, A.}",
  title     = {Pedestrian Detection OpenCV},
  note = "\url{https://www.pyimagesearch.com/2015/11/09/pedestrian-detection-opencv/} - zugegriffen am 24.09.2020"
}
@book{tensorflowstarter,
  title     = {Object detection},
  note = "\url{https://www.tensorflow.org/lite/models/object\_detection/overview} - zugegriffen am 24.09.2020"
}
@book{ssdv2,
author="kaka-lin",
  title     = {SSDLite-MobileNet v2 (tflite)},
  note = "\url{https://github.com/kaka-lin/object-detection\#sdlite-mobilenet-v2} - zugegriffen am 24.09.2020"
}
@book{svmalt,
  author    = "{Marti, M. A.}",
  title     = {Support vector machines},
  year = 1998,
month= 7
}
@book{hogsvmvscnn,
author = "{Kibria, S.} und {Hasan, M.}",
year = 2017,
month=12,
title ={An analysis of Feature extraction and Classification
Algorithms for Dangerous Object Detection}
}
@book{rcnnarchitektur,
author = "{Deng, Z., }{Sun, H., }{Zhou, S., }{Zhao, J., }{Lei, L. }and {Zou, H.}",
year = {2018},
month = {05},
title = {Multi-scale object detection in remote sensing imagery with convolutional neural networks - ISPRS Journal of Photogrammetry and Remote Sensing}
}
@book{neuronennetz,
  author="{{Mishra, M.} und {Srivastava, M.}}",
  title={A view of Artificial Neural Network - 2014 International Conference on Advances in Engineering   Technology Research (ICAETR - 2014)}, 
  year={2014},
  pages={1-3}
}
@book{proba,
author =" {Manickam, M., }{ Mohanapriya, M., }{Kale, S., }{Uday, M., }{Kulkarni, P., }{Khandagale, Y. }and{ Patil, S.P.}",
year = {2017},
month = {08},
pages = {1422-1432},
title = {Research study on applications of artificial neural networks and e-learning personalization},
journal = {International Journal of Civil Engineering and Technology}
}
@book{bildv2020,
author = "{Nischwitz, A., }{Fischer, M., }{Haberäcker, P., }und{ Socher, G.}",
year = {2020},
month = {01},
pages = {},
title = {Bildverarbeitung: Band II des Standardwerks Computergrafik und Bildverarbeitung}
}
@book{facerecognition,
author = "{Geitgey, A.}",
  title     = {Face Recognition},
  note = "\url{https://pypi.org/project/face-recognition/} - zugegriffen am 24.09.2020"
}
@book{openface,
author="{Amos, B.}",
  title     = {Models and Accuracies},
  note = "\url{https://cmusatyalab.github.io/openface/models-and-accuracies/} - zugegriffen am 24.09.2020"
}
@book{facerecarticle,
author = "{Geitgey, A.}",
  title     = {Machine Learning is Fun! Part 4: Modern Face Recognition with Deep Learning},
  note = "\url{https://medium.com/@ageitgey/machine-learning-is-fun-part-4-modern-face-recognition-with-deep-learning-c3cffc121d78} - zugegriffen am 24.09.2020"
}
@book{uml,
author = "{Staud, J. L.}",
  title     = {Unternehmensmodellierung - Objektorientierte Theorie
und Praxis mit UML 2.5 },
  note = {2. Auflage}
}
@article{mooremealy,
author = "{Solov’ev, V.}",
year = {2013},
month = {02},
pages = {},
title = {Implementation of finite-state machines based on programmable logic ICs with the help of the merged model of Mealy and Moore machines}
}
@book{mobilenetv2,
  author = "{Sandler, M., }{Howard, A., }{Zhu, M., }{Zhmoginov, A. }und {Chen, L.}",
  title = {MobileNetV2: Inverted Residuals and Linear Bottlenecks - 2018 IEEE/CVF Conference on Computer Vision and Pattern Recognition},
  month = {June},
  pages = {4510-4520},
  year = "2018"
}
@book{smart,
author = "{Canalys}",
  title     = {Smart speaker market booms in 2018, driven by Google, Alibaba and Xiaomi},
  note = "\url{https://www.canalys.com/newsroom/smart-speaker-market-booms-in-2018-driven-by-google-alibaba-and-xiaomi} - zugegriffen am 24.09.2020"
}


