
@incollection{ternes2015,
	author		=	"Ternes, Benjamin AND Feldkamp, Jan",
	year		=	"2015",
	booktitle	=	"Veröffentlichungen des Master Studiengangs Elektromobilität der Hochschule Bochum 2014",
	title		=	"Ansätze zur Parameteridentifikation einer PMSM",
	pages 		=	"4--10",
	publisher	=	"Institut für Elektromobilität"
}

@mastersthesis{dalton,
	type 			= "Bachelorarbeit",
	author			= "Sean William Dalton",
	title			= "Entwicklung der eingebetteten Hardware einer modularen Antriebsplatform",
	school			= "Hochschule Bochum - Bochum University of Applied Sciences",
	year 			= "2017",
}

@book{franzEMV,
	author			= "Joachim Franz",
	title			= "St{\"o}rungssicherer Aufbau elektromagnetischer Schaltungen",
	year 			= "2005",
	publisher		= "B. G. Teubner Verlag",
	volume			= "2. Auflage"
	
}

@article{aajq12016,
	author    = "George Lakkas",
	title     = "MOSFET power losses and how they affect power-supply efficiency",
	journal   = "Analog Applications Journal",
	pages    = "22-26",
	year      = "2016",
	month    = "1Q",
	address  = "\url{http://www.ti.com/lit/an/slyt666/slyt666.pdf}",
}

@manual{gateChargeInformation,
	AUTHOR			= "Ralph McArthur",
	TITLE 			= "Making Use of Gate Charge Information in MOSFET and IGBT Data Sheets",
	address 		= "\url{http://www.microsemi.com/documentportal/docview/14697.pdf}",
	YEAR 			= "2015"
}

@manual{drv8303,
	AUTHOR			= "TEXAS INSTRUMENTS",
	TITLE 			= "DRV8303 Three-Phase Gate Driver With Dual Current Shunt Amplifiers",
	address 		= "\url{http://www.ti.com/lit/ds/symlink/drv8303.pdf}",
	YEAR 			= "2016"
}